{"type":"meta","schema_version":"ndjson.v0","symbol":"BTCUSDT","stream":"btcusdt@depth","start_unix_ms":1767173356942,"start_utc":"2025-12-31T09:29:16.942431+00:00","source":"binance_spot_ws"}
{"result":null,"id":1}
{"e":"depthUpdate","E":1767173358014,"s":"BTCUSDT","U":84207897763,"u":84207897942,"b":[["88597.00000000","3.22042000"],["88596.99000000","0.00067000"],["88595.37000000","0.00000000"],["88594.20000000","0.10000000"],["88593.77000000","0.00000000"],["88593.09000000","0.01151000"],["88592.64000000","0.00000000"],["88592.63000000","0.03387000"],["88591.80000000","0.00006000"],["88591.73000000","0.00000000"],["88591.66000000","0.00000000"],["88591.00000000","0.00006000"],["88590.86000000","0.00000000"],["88590.30000000","0.11343000"],["88590.00000000","0.00006000"],["88589.98000000","0.05651000"],["88589.00000000","0.01148000"],["88588.68000000","0.00000000"],["88583.20000000","0.00000000"],["88582.33000000","0.00565000"],["88578.86000000","0.40693000"],["88578.73000000","0.00000000"],["88573.66000000","0.00000000"],["88572.35000000","0.04520000"],["88572.34000000","0.00000000"],["88564.89000000","0.04272000"],["88564.22000000","0.00000000"],["88545.19000000","0.00000000"],["88545.15000000","0.00600000"],["88540.43000000","0.06300000"],["88536.92000000","0.00000000"],["88536.91000000","0.00000000"],["88536.89000000","0.04360000"],["88534.05000000","0.00000000"],["88354.18000000","0.27000000"],["86770.91000000","0.02126000"],["79737.30000000","0.00532000"],["79737.00000000","0.00511000"],["70878.00000000","0.00000000"],["70877.60000000","0.00028000"]],"a":[["88597.01000000","6.05319000"],["88597.11000000","0.42141000"],["88597.98000000","0.00250000"],["88599.46000000","0.00858000"],["88599.87000000","0.37305000"],["88600.01000000","0.00542000"],["88600.18000000","0.14879000"],["88600.81000000","0.00000000"],["88600.92000000","0.00006000"],["88601.26000000","0.00000000"],["88601.29000000","0.00000000"],["88601.35000000","0.00000000"],["88601.42000000","0.00272000"],["88601.54000000","0.05107000"],["88601.87000000","0.00000000"],["88606.36000000","0.00000000"],["88609.08000000","0.00000000"],["88611.11000000","0.00600000"],["88612.94000000","0.00000000"],["88613.00000000","0.17500000"],["88614.00000000","0.00180000"],["88620.39000000","0.00565000"],["88621.43000000","0.00000000"],["88623.00000000","0.17500000"],["88636.00000000","0.17680000"]]}
{"e":"depthUpdate","E":1767173359014,"s":"BTCUSDT","U":84207897943,"u":84207898155,"b":[["88597.00000000","3.47895000"],["88590.30000000","0.11337000"],["88590.00000000","0.00000000"],["88589.98000000","0.00000000"],["88589.71000000","0.00346000"],["88589.00000000","0.01148000"],["88588.00000000","0.17506000"],["88587.14000000","0.05651000"],["88585.06000000","0.00000000"],["88582.33000000","0.00000000"],["88581.45000000","0.00565000"],["88581.16000000","0.05650000"],["88572.35000000","0.00000000"],["88570.49000000","0.04520000"],["88568.67000000","0.06031000"],["88564.68000000","0.00112000"],["88543.65000000","0.00000000"],["88533.21000000","0.02818000"],["88531.56000000","0.08471000"],["88531.55000000","0.00000000"],["88487.61000000","0.07297000"],["88406.26000000","0.00000000"],["88404.95000000","5.06457000"],["79737.30000000","0.00518000"],["79737.00000000","0.00511000"],["70878.00000000","0.00000000"],["70877.60000000","0.00028000"],["60000.00000000","227.86147000"]],"a":[["88597.01000000","5.78215000"],["88597.02000000","0.14012000"],["88597.11000000","0.14024000"],["88597.15000000","0.00000000"],["88597.67000000","0.00000000"],["88597.73000000","0.01579000"],["88597.82000000","0.00000000"],["88597.94000000","0.00000000"],["88598.69000000","0.00000000"],["88598.94000000","0.00000000"],["88599.45000000","0.00000000"],["88599.46000000","0.00858000"],["88599.68000000","0.00000000"],["88599.85000000","0.00000000"],["88599.87000000","0.00000000"],["88599.96000000","0.00000000"],["88600.00000000","0.23434000"],["88600.01000000","0.00554000"],["88600.18000000","0.24281000"],["88600.23000000","0.37293000"],["88600.95000000","0.05276000"],["88601.01000000","0.00000000"],["88601.42000000","0.00272000"],["88601.54000000","0.00000000"],["88602.54000000","0.00000000"],["88603.08000000","0.00000000"],["88603.10000000","0.00000000"],["88603.13000000","0.00000000"],["88603.15000000","0.00000000"],["88603.17000000","0.00000000"],["88603.19000000","0.05651000"],["88607.17000000","0.00000000"],["88613.00000000","0.00000000"],["88615.60000000","0.00000000"],["88619.35000000","0.05650000"],["88623.00000000","0.00000000"],["88636.00000000","0.00180000"],["88705.33000000","0.06000000"],["88711.34000000","0.00000000"],["88791.83000000","5.10444000"],["88791.90000000","0.00000000"],["88813.22000000","0.00035000"],["89124.23000000","0.21982000"],["89127.15000000","0.00000000"]]}
{"e":"depthUpdate","E":1767173360014,"s":"BTCUSDT","U":84207898156,"u":84207898263,"b":[["88597.00000000","3.92453000"],["88594.07000000","0.00000000"],["88589.71000000","0.00000000"],["88301.92000000","0.01768000"],["79737.30000000","0.00532000"],["79737.00000000","0.00511000"],["70877.60000000","0.00028000"],["31894.92000000","0.01273000"]],"a":[["88597.01000000","5.92792000"],["88598.74000000","0.00000000"],["88599.99000000","0.00000000"],["88600.14000000","0.00000000"],["88600.28000000","0.00000000"],["88600.85000000","0.05221000"],["88600.95000000","0.00000000"],["88601.42000000","0.00360000"],["88603.19000000","0.00000000"],["88603.21000000","0.00045000"],["88603.23000000","0.00000000"],["88603.24000000","0.00000000"],["88603.26000000","0.00000000"],["88603.28000000","0.00000000"],["88603.31000000","0.00000000"],["88603.33000000","0.00000000"],["88603.34000000","0.00000000"],["88603.36000000","0.05651000"],["88635.18000000","0.08461000"],["88635.19000000","0.00000000"],["89124.23000000","0.00000000"],["89127.15000000","0.21982000"]]}
{"e":"depthUpdate","E":1767173361014,"s":"BTCUSDT","U":84207898264,"u":84207898383,"b":[["88597.00000000","3.87761000"],["88594.07000000","0.00000000"],["88585.88000000","0.00000000"],["88585.81000000","0.00006000"],["88297.00000000","0.00000000"],["79737.30000000","0.00518000"],["79737.00000000","0.00511000"],["70877.60000000","0.00028000"],["31894.92000000","0.01292000"]],"a":[["88597.01000000","5.74539000"],["88598.26000000","0.00000000"],["88599.22000000","0.00000000"],["88600.18000000","0.24282000"],["88600.23000000","0.00000000"],["88600.37000000","0.37293000"],["88600.44000000","0.05130000"],["88600.85000000","0.00000000"],["88603.36000000","0.00000000"],["88603.37000000","0.00006000"],["88603.38000000","0.00000000"],["88603.40000000","0.00000000"],["88603.42000000","0.00000000"],["88603.43000000","0.00000000"],["88603.45000000","0.00000000"],["88603.49000000","0.00000000"],["88603.50000000","0.00000000"],["88603.52000000","0.00000000"],["88603.54000000","0.05651000"],["88618.73000000","0.00000000"],["88685.44000000","0.00600000"],["88685.49000000","0.00000000"],["88897.01000000","0.00000000"]]}
{"e":"depthUpdate","E":1767173362014,"s":"BTCUSDT","U":84207898384,"u":84207898562,"b":[["88597.00000000","3.89437000"],["88596.99000000","0.00067000"],["88594.47000000","0.00000000"],["88594.07000000","0.00000000"],["88589.47000000","0.00055000"],["88583.70000000","0.00000000"],["88581.16000000","0.00000000"],["88578.20000000","0.05650000"],["88562.02000000","0.00490000"],["88536.91000000","0.04360000"],["88536.89000000","0.00000000"],["87270.00000000","3.52599000"],["81509.24000000","0.00000000"],["79737.30000000","0.00532000"],["79737.00000000","0.00531000"],["70878.00000000","0.00000000"],["70877.60000000","0.00028000"],["33000.00000000","6.20342000"],["31901.12000000","0.00570000"],["31896.00000000","0.00950000"],["31889.00000000","0.00304000"]],"a":[["88597.01000000","5.73521000"],["88597.11000000","0.33574000"],["88597.73000000","0.01579000"],["88598.46000000","0.00000000"],["88598.52000000","0.00000000"],["88599.05000000","0.00000000"],["88599.27000000","0.00000000"],["88599.36000000","0.05131000"],["88600.00000000","0.23434000"],["88600.01000000","0.00542000"],["88600.18000000","0.24282000"],["88600.37000000","0.00000000"],["88600.44000000","0.00000000"],["88600.50000000","0.37293000"],["88603.54000000","0.00000000"],["88603.55000000","0.00000000"],["88603.57000000","0.00000000"],["88603.58000000","0.00000000"],["88603.60000000","0.00000000"],["88603.62000000","0.00000000"],["88603.65000000","0.00000000"],["88603.66000000","0.00000000"],["88603.67000000","0.05651000"],["88619.35000000","0.00000000"],["88622.23000000","0.05650000"],["88677.19000000","0.04360000"],["88677.21000000","0.00000000"]]}
{"e":"depthUpdate","E":1767173363014,"s":"BTCUSDT","U":84207898563,"u":84207898850,"b":[["88597.00000000","4.33894000"],["88596.99000000","0.00073000"],["88593.78000000","0.00007000"],["88592.63000000","0.03393000"],["88592.23000000","0.05651000"],["88589.83000000","0.00525000"],["88589.00000000","0.01142000"],["88588.00000000","0.17500000"],["88587.14000000","0.00000000"],["88584.36000000","0.05650000"],["88584.10000000","0.00565000"],["88581.53000000","0.00009000"],["88581.45000000","0.00000000"],["88578.20000000","0.00000000"],["88568.26000000","0.00000000"],["88545.15000000","0.00000000"],["88545.14000000","0.00000000"],["88545.04000000","0.00000000"],["88545.03000000","0.00000000"],["88544.93000000","0.00000000"],["88536.91000000","0.00000000"],["88536.81000000","0.00000000"],["88536.79000000","0.00000000"],["88536.72000000","0.00000000"],["88536.69000000","0.00000000"],["88536.66000000","0.00000000"],["88536.62000000","0.04360000"],["88518.52000000","0.04200000"],["88516.51000000","0.00000000"],["88484.87000000","0.00000000"],["84167.15000000","0.00032000"],["81668.40000000","0.00028000"],["79737.30000000","0.00518000"],["79737.00000000","0.00511000"],["70878.00000000","0.00000000"],["70877.60000000","0.00028000"],["42000.00000000","16.04102000"]],"a":[["88597.01000000","4.96429000"],["88597.11000000","0.14024000"],["88597.22000000","0.11300000"],["88597.73000000","0.00000000"],["88598.63000000","0.01579000"],["88598.67000000","0.00000000"],["88599.36000000","0.00000000"],["88599.37000000","0.00000000"],["88600.00000000","0.23434000"],["88600.01000000","0.00554000"],["88600.10000000","0.00000000"],["88600.16000000","0.01128000"],["88600.18000000","0.14887000"],["88600.46000000","0.05097000"],["88600.50000000","0.00000000"],["88600.82000000","0.00096000"],["88601.38000000","0.00000000"],["88601.42000000","0.00272000"],["88602.15000000","0.00000000"],["88603.67000000","0.00000000"],["88603.70000000","0.00000000"],["88603.72000000","0.00000000"],["88603.73000000","0.00000000"],["88603.74000000","0.00000000"],["88603.76000000","0.00000000"],["88603.77000000","0.00000000"],["88603.78000000","0.00000000"],["88606.20000000","0.00000000"],["88606.47000000","0.00000000"],["88609.94000000","0.05651000"],["88611.11000000","0.00035000"],["88612.68000000","0.05064000"],["88612.94000000","0.00565000"],["88614.36000000","0.00000000"],["88614.37000000","0.00000000"],["88614.46000000","0.00000000"],["88616.07000000","0.76269000"],["88616.08000000","0.02562000"],["88616.69000000","0.00000000"],["88617.92000000","0.00000000"],["88617.98000000","0.00000000"],["88618.86000000","0.00000000"],["88618.87000000","0.06674000"],["88620.39000000","0.54289000"],["88621.64000000","0.00565000"],["88621.65000000","0.00000000"],["88621.77000000","0.04520000"],["88622.23000000","0.00000000"],["88623.06000000","0.00000000"],["88623.07000000","0.00000000"],["88623.18000000","0.78231000"],["88623.81000000","0.00000000"],["88623.98000000","0.54289000"],["88623.99000000","0.00000000"],["88624.00000000","0.00180000"],["88625.22000000","0.00000000"],["88625.75000000","0.00000000"],["88629.02000000","0.84079000"],["88629.03000000","1.86283000"],["88629.04000000","0.00000000"],["88629.94000000","0.00000000"],["88654.18000000","0.00000000"],["88654.23000000","0.00460000"],["88657.86000000","0.00000000"],["88677.05000000","0.54289000"],["88677.19000000","0.00000000"],["88677.20000000","0.00000000"],["88677.48000000","0.00000000"],["88677.71000000","0.00055000"],["88677.78000000","0.00000000"],["88677.85000000","0.00000000"],["88678.08000000","0.11657000"],["88685.44000000","0.00000000"],["88685.73000000","0.00000000"],["88685.96000000","0.00000000"],["88690.38000000","0.03157000"],["88716.21000000","1.86283000"],["88726.85000000","1.86283000"],["89127.15000000","0.00000000"],["89130.07000000","0.21982000"]]}
{"e":"depthUpdate","E":1767173364014,"s":"BTCUSDT","U":84207898851,"u":84207898995,"b":[["88597.00000000","4.28406000"],["88596.99000000","0.00067000"],["88596.69000000","0.05100000"],["88595.57000000","0.00055000"],["88592.63000000","0.03393000"],["88592.27000000","0.00055000"],["88592.23000000","0.00000000"],["88591.38000000","0.05651000"],["88589.83000000","0.00525000"],["88589.74000000","0.00110000"],["88589.47000000","0.00110000"],["88589.10000000","0.00250000"],["88589.00000000","0.01142000"],["88588.82000000","0.00000000"],["88587.77000000","0.00055000"],["88577.63000000","0.00347000"],["88568.40000000","0.01165000"],["88562.02000000","0.00000000"],["88492.62000000","0.39684000"],["88000.00000000","9.27449000"],["87728.98000000","0.00196000"],["79737.30000000","0.00532000"],["79737.00000000","0.00511000"],["70877.60000000","0.00028000"]],"a":[["88597.01000000","4.96104000"],["88598.24000000","0.00000000"],["88598.79000000","0.00000000"],["88599.46000000","0.00858000"],["88599.55000000","0.00000000"],["88599.69000000","0.00000000"],["88599.70000000","0.05095000"],["88600.01000000","0.00554000"],["88600.18000000","0.24116000"],["88600.19000000","0.11763000"],["88600.33000000","0.00000000"],["88600.46000000","0.00000000"],["88601.08000000","0.37293000"],["88604.76000000","0.00000000"],["88605.79000000","0.05651000"],["88606.32000000","0.00000000"],["88606.36000000","0.00000000"],["88609.94000000","0.00000000"],["88614.26000000","0.05650000"],["88614.41000000","0.03500000"],["88616.05000000","0.54289000"],["88621.18000000","0.00000000"],["88623.07000000","1.86283000"],["88625.61000000","0.01609000"],["88635.30000000","0.40667000"],["88685.57000000","0.00000000"],["88690.90000000","0.08896000"],["89127.15000000","0.21982000"],["89130.07000000","0.00000000"],["89358.80000000","0.00198000"]]}
{"e":"depthUpdate","E":1767173365014,"s":"BTCUSDT","U":84207898996,"u":84207899091,"b":[["88597.00000000","4.28917000"],["88577.63000000","0.00000000"],["88544.99000000","0.00600000"],["88399.93000000","0.00000000"],["88398.78000000","0.00000000"],["88396.78000000","0.00000000"],["88395.04000000","0.00000000"],["88393.88000000","0.00000000"],["88392.80000000","0.00000000"],["88391.39000000","0.00000000"],["88390.17000000","0.00000000"],["88389.10000000","0.00000000"],["88388.03000000","0.00000000"],["88386.96000000","0.00000000"],["87728.98000000","0.00000000"],["79737.30000000","0.00518000"],["79737.00000000","0.00511000"],["70877.60000000","0.00028000"],["42000.00000000","16.04002000"]],"a":[["88597.01000000","4.94655000"],["88599.46000000","0.00858000"],["88599.70000000","0.00000000"],["88600.01000000","0.05671000"],["88606.33000000","0.00000000"],["88610.24000000","0.02562000"],["88616.08000000","0.00000000"],["88623.06000000","1.18963000"],["88685.46000000","0.02031000"],["88685.79000000","0.10396000"],["88690.90000000","0.17792000"],["89358.80000000","0.00006000"]]}
{"e":"depthUpdate","E":1767173366014,"s":"BTCUSDT","U":84207899092,"u":84207899244,"b":[["88597.00000000","4.29496000"],["88596.69000000","0.05100000"],["88595.57000000","0.00000000"],["88592.63000000","0.03399000"],["88590.80000000","0.00051000"],["88590.79000000","0.00300000"],["88589.83000000","0.00519000"],["88589.74000000","0.00000000"],["88589.47000000","0.00061000"],["88585.59000000","0.02594000"],["88584.60000000","0.00056000"],["88584.59000000","0.00300000"],["88581.06000000","0.00113000"],["88579.38000000","0.00000000"],["88578.39000000","0.00300000"],["88577.53000000","0.00000000"],["88573.82000000","0.05602000"],["88573.18000000","0.00000000"],["88572.19000000","0.00300000"],["88568.67000000","0.00000000"],["88566.98000000","0.00000000"],["88546.80000000","0.00000000"],["88529.09000000","0.00000000"],["88492.60000000","0.00000000"],["88418.08000000","0.03198000"],["88415.40000000","0.03198000"],["88412.63000000","0.03198000"],["88407.63000000","0.73188000"],["88405.52000000","0.03198000"],["88403.89000000","0.03198000"],["88401.45000000","0.03198000"],["88399.99000000","0.03198000"],["88398.70000000","0.03198000"],["88397.20000000","0.06396000"],["88395.55000000","0.03198000"],["88309.51000000","0.00000000"],["87097.00000000","0.00000000"],["79737.30000000","0.00532000"],["79737.00000000","0.00511000"],["70878.00000000","0.00000000"],["70877.60000000","0.00028000"],["33000.00000000","6.20342000"]],"a":[["88597.01000000","4.55719000"],["88597.22000000","0.11300000"],["88597.62000000","0.01567000"],["88598.63000000","0.00000000"],["88600.01000000","0.00554000"],["88600.16000000","0.01140000"],["88601.08000000","0.00000000"],["88601.56000000","0.00000000"],["88601.70000000","0.00000000"],["88602.38000000","0.05102000"],["88603.03000000","0.37292000"],["88606.33000000","0.00000000"],["88606.34000000","0.00047000"],["88609.41000000","0.00056000"],["88612.95000000","0.00113000"],["88616.07000000","0.00000000"],["88617.53000000","0.76267000"],["88617.97000000","0.46557000"],["88618.87000000","0.00000000"],["88619.43000000","0.00000000"],["88650.00000000","0.17290000"],["88651.44000000","0.00000000"],["88884.95000000","0.00000000"],["89127.15000000","0.21982000"],["89130.07000000","0.00000000"]]}
{"e":"depthUpdate","E":1767173367015,"s":"BTCUSDT","U":84207899245,"u":84207899341,"b":[["88597.00000000","4.28875000"],["88568.06000000","0.08143000"],["88561.99000000","0.00530000"],["88546.11000000","0.01768000"],["88544.34000000","0.24667000"],["88541.56000000","0.00000000"],["88540.00000000","0.16438000"],["88537.34000000","0.04200000"],["88536.00000000","0.04380000"],["88530.36000000","0.00000000"],["88530.00000000","0.00180000"],["88522.25000000","0.00147000"],["88504.11000000","0.12205000"],["88493.11000000","2.74240000"],["88490.58000000","0.08696000"],["88485.37000000","0.00000000"],["88320.09000000","2.74777000"],["86770.91000000","0.00000000"],["79737.30000000","0.00518000"],["79737.00000000","0.00511000"],["70877.60000000","0.00028000"]],"a":[["88597.01000000","4.55655000"],["88597.22000000","0.11300000"],["88597.62000000","0.01579000"],["88600.16000000","0.01128000"],["88605.79000000","0.00000000"],["88606.36000000","0.00070000"],["88606.76000000","0.00000000"],["88606.77000000","0.05651000"],["88613.39000000","0.38818000"],["88614.26000000","0.00000000"],["88615.55000000","0.05650000"],["88617.53000000","0.00000000"],["88617.97000000","0.65287000"],["88618.73000000","0.76266000"],["88621.12000000","0.06422000"],["88643.22000000","0.24101000"],["88654.23000000","0.00000000"],["88654.96000000","0.00560000"],["88660.00000000","0.16442000"],["88682.41000000","0.00147000"],["88694.04000000","0.00000000"],["88703.90000000","0.12237000"],["88863.89000000","2.67129000"]]}
{"e":"depthUpdate","E":1767173368014,"s":"BTCUSDT","U":84207899342,"u":84207899424,"b":[["88597.00000000","4.29180000"],["88596.69000000","0.05100000"],["88595.57000000","0.00055000"],["88589.83000000","0.00513000"],["88589.74000000","0.00110000"],["88589.47000000","0.00110000"],["88587.50000000","0.00055000"],["88546.11000000","0.00000000"],["88485.53000000","0.00517000"],["88476.78000000","0.02735000"],["88468.35000000","0.00000000"],["88465.29000000","0.00000000"],["88456.03000000","0.00000000"],["79737.30000000","0.00532000"],["79737.00000000","0.00511000"],["70878.00000000","0.00000000"],["70877.60000000","0.00028000"]],"a":[["88597.01000000","4.55392000"],["88600.42000000","0.05284000"],["88601.29000000","0.00000000"],["88602.38000000","0.00000000"],["88654.96000000","0.00000000"],["88664.40000000","0.00000000"],["88689.92000000","0.00000000"],["88703.34000000","0.12205000"]]}
{"e":"depthUpdate","E":1767173369014,"s":"BTCUSDT","U":84207899425,"u":84207899565,"b":[["88597.00000000","4.28057000"],["88596.99000000","0.00067000"],["88596.69000000","0.05106000"],["88593.09000000","0.01145000"],["88592.63000000","0.00012000"],["88592.61000000","0.00000000"],["88592.60000000","0.03387000"],["88584.47000000","0.00000000"],["88584.10000000","0.00000000"],["88582.33000000","0.00565000"],["88531.57000000","0.08471000"],["88531.56000000","0.00000000"],["88491.31000000","0.00000000"],["88491.26000000","0.00282000"],["88402.83000000","0.00000000"],["88402.78000000","0.00113000"],["86411.43000000","0.00000000"],["81509.25000000","0.00013000"],["79737.30000000","0.00518000"],["79737.00000000","0.00511000"],["70877.60000000","0.00028000"],["60000.00000000","227.86147000"]],"a":[["88597.01000000","4.56849000"],["88597.62000000","0.01579000"],["88597.72000000","0.01578000"],["88599.06000000","0.00000000"],["88599.10000000","0.00000000"],["88599.73000000","0.00000000"],["88599.76000000","0.00000000"],["88599.83000000","0.05250000"],["88600.01000000","0.00542000"],["88600.42000000","0.00000000"],["88600.92000000","0.00013000"],["88601.11000000","0.37293000"],["88603.03000000","0.00000000"],["88606.32000000","0.00070000"],["88606.36000000","0.00000000"],["88609.84000000","0.00010000"],["88655.04000000","0.00490000"],["88683.79000000","0.02497000"],["88686.21000000","0.00000000"],["88688.72000000","0.17592000"],["88691.33000000","0.08896000"],["89127.15000000","0.00000000"],["89130.07000000","0.21982000"]]}
{"e":"depthUpdate","E":1767173370014,"s":"BTCUSDT","U":84207899566,"u":84207899946,"b":[["88597.00000000","4.28471000"],["88596.99000000","0.00067000"],["88596.69000000","0.05112000"],["88595.76000000","0.00262000"],["88595.63000000","0.00006000"],["88595.23000000","0.00000000"],["88595.22000000","0.00000000"],["88594.80000000","0.10018000"],["88594.67000000","0.00006000"],["88594.66000000","0.54301000"],["88594.58000000","0.03815000"],["88594.40000000","0.10006000"],["88594.20000000","0.10006000"],["88593.63000000","0.00000000"],["88593.62000000","0.05651000"],["88593.54000000","0.00256000"],["88593.48000000","0.00000000"],["88593.09000000","0.01151000"],["88592.63000000","0.00006000"],["88592.60000000","0.03399000"],["88592.57000000","0.00000000"],["88592.56000000","0.00055000"],["88591.38000000","0.00000000"],["88590.30000000","0.11331000"],["88589.87000000","0.00000000"],["88589.84000000","0.00056000"],["88588.43000000","0.04272000"],["88588.30000000","0.00055000"],["88588.20000000","0.00055000"],["88587.78000000","0.00055000"],["88587.37000000","0.00055000"],["88587.36000000","0.00055000"],["88585.87000000","0.00000000"],["88584.66000000","0.00000000"],["88584.10000000","0.00565000"],["88582.33000000","0.00000000"],["88581.08000000","0.00000000"],["88576.01000000","0.00113000"],["88576.00000000","0.00000000"],["88574.69000000","0.76006000"],["88574.57000000","0.00000000"],["88565.25000000","0.07297000"],["88564.89000000","0.00000000"],["88547.19000000","0.02818000"],["88543.45000000","0.02754000"],["88533.21000000","0.00000000"],["88529.34000000","0.00000000"],["88485.76000000","0.00000000"],["88363.14000000","0.00000000"],["88354.18000000","0.00000000"],["88301.92000000","0.00000000"],["86411.43000000","0.00000000"],["81509.25000000","0.00000000"],["79737.30000000","0.00532000"],["79737.00000000","0.00511000"],["70877.60000000","0.00028000"]],"a":[["88597.01000000","3.98139000"],["88597.02000000","0.00000000"],["88597.10000000","0.00000000"],["88597.11000000","0.00000000"],["88597.12000000","0.00000000"],["88597.13000000","0.00000000"],["88597.21000000","0.00012000"],["88597.22000000","0.11300000"],["88597.62000000","0.00000000"],["88597.72000000","0.00000000"],["88597.98000000","0.00000000"],["88598.27000000","0.00000000"],["88599.03000000","0.00012000"],["88599.04000000","0.00000000"],["88599.36000000","0.00000000"],["88599.45000000","0.00000000"],["88599.46000000","0.00858000"],["88599.52000000","0.00012000"],["88599.53000000","0.01578000"],["88599.55000000","0.00000000"],["88599.83000000","0.00000000"],["88599.99000000","0.00012000"],["88600.00000000","0.23434000"],["88600.01000000","0.00554000"],["88600.16000000","0.01140000"],["88600.18000000","0.00012000"],["88600.19000000","0.11775000"],["88600.20000000","0.00000000"],["88600.44000000","0.05177000"],["88600.71000000","0.00012000"],["88601.10000000","0.01578000"],["88601.11000000","0.00000000"],["88601.42000000","0.00000000"],["88601.64000000","0.00000000"],["88601.65000000","0.11288000"],["88601.76000000","0.37292000"],["88602.11000000","0.00000000"],["88602.60000000","0.00000000"],["88602.70000000","0.00000000"],["88603.76000000","0.00000000"],["88604.02000000","0.00000000"],["88604.34000000","0.00000000"],["88604.35000000","0.00000000"],["88605.13000000","0.12691000"],["88605.14000000","0.00000000"],["88606.72000000","0.00047000"],["88606.77000000","0.00000000"],["88607.74000000","0.00000000"],["88607.75000000","0.07140000"],["88609.08000000","0.00250000"],["88609.42000000","0.05651000"],["88611.12000000","0.07620000"],["88611.30000000","0.00250000"],["88611.55000000","0.00000000"],["88611.96000000","0.03387000"],["88612.68000000","0.00000000"],["88612.94000000","0.00000000"],["88613.23000000","0.00000000"],["88613.39000000","0.55186000"],["88613.99000000","0.00565000"],["88614.15000000","0.00000000"],["88614.73000000","0.00000000"],["88615.35000000","0.01500000"],["88616.05000000","0.00000000"],["88616.73000000","0.12000000"],["88617.53000000","0.76267000"],["88617.70000000","0.00006000"],["88617.95000000","0.45039000"],["88617.96000000","0.54289000"],["88617.97000000","0.00000000"],["88618.00000000","0.18246000"],["88618.01000000","0.00113000"],["88618.73000000","0.00000000"],["88620.39000000","0.00000000"],["88621.12000000","0.00000000"],["88621.64000000","0.00000000"],["88621.76000000","0.00000000"],["88621.77000000","0.00000000"],["88623.04000000","0.33425000"],["88623.05000000","0.54289000"],["88623.06000000","0.00000000"],["88623.07000000","0.00000000"],["88623.18000000","0.00000000"],["88623.57000000","0.05085000"],["88623.79000000","0.06367000"],["88623.98000000","0.00000000"],["88624.21000000","0.40672000"],["88625.00000000","0.00036000"],["88626.38000000","0.18061000"],["88627.75000000","0.54289000"],["88629.01000000","1.86283000"],["88629.02000000","0.00000000"],["88629.03000000","0.00000000"],["88629.43000000","0.00000000"],["88630.41000000","0.79056000"],["88633.78000000","0.00000000"],["88636.15000000","1.01626000"],["88636.16000000","1.86283000"],["88636.17000000","0.00000000"],["88636.18000000","0.00000000"],["88639.07000000","0.00000000"],["88645.24000000","0.05403000"],["88655.04000000","0.00000000"],["88657.63000000","0.00234000"],["88657.64000000","0.00014000"],["88657.76000000","0.00620000"],["88746.50000000","0.00093000"],["88746.51000000","0.00000000"],["89127.15000000","0.21982000"],["89130.07000000","0.00000000"]]}
{"e":"depthUpdate","E":1767173371014,"s":"BTCUSDT","U":84207899947,"u":84207900276,"b":[["88597.00000000","4.36769000"],["88596.99000000","0.00073000"],["88594.80000000","0.10018000"],["88594.68000000","0.00006000"],["88594.67000000","0.85188000"],["88594.66000000","0.54301000"],["88594.65000000","0.00000000"],["88594.20000000","0.10000000"],["88593.62000000","0.00000000"],["88593.59000000","0.00000000"],["88593.57000000","0.00000000"],["88593.55000000","0.00000000"],["88593.54000000","0.00262000"],["88593.53000000","0.00000000"],["88593.51000000","0.00000000"],["88593.47000000","0.00000000"],["88593.45000000","0.00000000"],["88593.43000000","0.05651000"],["88592.60000000","0.03393000"],["88592.57000000","0.00000000"],["88590.79000000","0.00306000"],["88590.41000000","0.00055000"],["88590.30000000","0.11331000"],["88588.13000000","0.00055000"],["88587.63000000","0.00020000"],["88587.60000000","0.00228000"],["88587.35000000","0.00055000"],["88584.83000000","0.00000000"],["88584.10000000","0.00000000"],["88582.33000000","0.00565000"],["88582.28000000","0.28558000"],["88580.06000000","0.00346000"],["88579.36000000","0.40693000"],["88578.86000000","0.00000000"],["88566.00000000","0.00100000"],["88564.52000000","0.00000000"],["88543.45000000","0.00000000"],["88540.00000000","0.02438000"],["88534.99000000","0.00000000"],["88533.29000000","0.02754000"],["88503.98000000","0.00000000"],["88472.97000000","0.00000000"],["88465.77000000","0.01768000"],["88441.96000000","0.00000000"],["88410.95000000","0.00900000"],["88379.94000000","0.00000000"],["88348.93000000","0.00000000"],["88317.92000000","0.00000000"],["88286.92000000","0.00000000"],["88255.91000000","0.00000000"],["88224.90000000","0.00910000"],["88193.89000000","0.00000000"],["88162.88000000","0.00000000"],["88131.87000000","0.00000000"],["88100.86000000","0.00000000"],["88069.85000000","0.00000000"],["88038.84000000","0.00910000"],["88007.83000000","0.00000000"],["87976.83000000","0.00000000"],["87945.82000000","0.00000000"],["87914.81000000","0.00008000"],["87883.80000000","0.00000000"],["87852.79000000","0.00910000"],["87821.78000000","0.00000000"],["87790.77000000","0.00000000"],["87759.76000000","0.00000000"],["87728.75000000","0.00000000"],["87697.75000000","0.00000000"],["87666.74000000","0.00910000"],["87635.73000000","0.00000000"],["87604.72000000","0.00000000"],["87573.71000000","0.00000000"],["87542.70000000","0.00000000"],["87511.69000000","0.00000000"],["87500.00000000","18.18742000"],["87090.84000000","0.00000000"],["86770.91000000","0.02126000"],["79737.30000000","0.00518000"],["79737.00000000","0.00511000"],["70878.00000000","0.00000000"],["70877.60000000","0.00028000"],["31894.92000000","0.01311000"]],"a":[["88597.01000000","3.94350000"],["88597.22000000","0.25300000"],["88598.80000000","0.00000000"],["88598.81000000","0.00000000"],["88599.03000000","0.00000000"],["88599.14000000","0.00000000"],["88599.15000000","0.00000000"],["88599.45000000","0.00012000"],["88599.46000000","0.14858000"],["88599.47000000","0.00000000"],["88599.53000000","0.15578000"],["88599.57000000","0.00000000"],["88599.58000000","0.00000000"],["88599.59000000","0.00006000"],["88599.81000000","0.00000000"],["88599.82000000","0.00000000"],["88599.99000000","0.00012000"],["88600.01000000","0.00554000"],["88600.12000000","0.00000000"],["88600.13000000","0.00000000"],["88600.16000000","0.01140000"],["88600.17000000","0.00006000"],["88600.18000000","0.18602000"],["88600.19000000","0.11775000"],["88600.27000000","0.00007000"],["88600.44000000","0.00000000"],["88600.71000000","0.00000000"],["88600.73000000","0.05264000"],["88601.10000000","0.01566000"],["88601.42000000","0.00882000"],["88601.76000000","0.00000000"],["88601.77000000","0.37292000"],["88606.37000000","0.00048000"],["88606.72000000","0.00000000"],["88609.84000000","0.00000000"],["88620.39000000","0.00000000"],["88621.68000000","0.00565000"],["88623.02000000","1.04252000"],["88623.03000000","1.86283000"],["88623.04000000","0.00000000"],["88623.57000000","0.04520000"],["88628.01000000","0.00000000"],["88659.02000000","0.00000000"],["88666.43000000","0.00500000"],["88690.03000000","0.00000000"],["88721.04000000","0.00000000"],["88746.09000000","0.00000000"],["88752.05000000","0.00000000"],["88783.06000000","0.00900000"],["88814.07000000","0.00000000"],["88845.08000000","0.00000000"],["88876.09000000","0.00000000"],["88907.09000000","0.00000000"],["88938.10000000","0.00000000"],["88969.11000000","0.00900000"],["89000.12000000","0.00028000"],["89031.13000000","0.00000000"],["89062.14000000","0.00000000"],["89093.15000000","0.00000000"],["89124.16000000","0.00000000"],["89127.15000000","0.00000000"],["89130.07000000","0.21982000"],["89155.17000000","0.00900000"],["89186.18000000","0.00000000"],["89217.18000000","0.00000000"],["89248.19000000","0.00000000"],["89279.20000000","0.00000000"],["89310.21000000","0.00000000"],["89341.22000000","0.00900000"],["89372.23000000","0.00000000"],["89403.24000000","0.00000000"],["89434.25000000","0.00000000"],["89465.26000000","0.00000000"],["89496.26000000","0.00000000"]]}
{"e":"depthUpdate","E":1767173372014,"s":"BTCUSDT","U":84207900277,"u":84207900439,"b":[["88597.00000000","4.36695000"],["88596.99000000","0.00079000"],["88593.54000000","0.00262000"],["88593.43000000","0.00000000"],["88593.39000000","0.00000000"],["88593.37000000","0.00000000"],["88593.36000000","0.00000000"],["88593.34000000","0.00000000"],["88593.32000000","0.00000000"],["88593.31000000","0.00000000"],["88593.29000000","0.00000000"],["88593.27000000","0.00000000"],["88593.26000000","0.05651000"],["88592.60000000","0.03393000"],["88592.57000000","0.00459000"],["88590.30000000","0.11331000"],["88584.09000000","0.04200000"],["88580.06000000","0.00000000"],["88576.71000000","0.00000000"],["88570.43000000","0.00000000"],["88543.85000000","0.00000000"],["88540.00000000","0.16438000"],["88524.56000000","0.00900000"],["88521.16000000","0.00007000"],["88517.27000000","0.00000000"],["88490.69000000","0.00000000"],["88464.11000000","0.00112000"],["88437.53000000","0.02031000"],["88410.95000000","0.00000000"],["88384.37000000","0.00000000"],["88357.79000000","0.00000000"],["88331.21000000","0.00000000"],["88304.63000000","0.00000000"],["88278.06000000","0.00000000"],["88251.48000000","0.00000000"],["88224.90000000","0.00000000"],["88198.32000000","0.00000000"],["88171.74000000","0.00000000"],["88145.16000000","0.00000000"],["88118.58000000","0.00000000"],["88092.00000000","0.00012000"],["88065.42000000","0.00000000"],["88038.84000000","0.00000000"],["88012.26000000","0.00000000"],["87985.69000000","0.00000000"],["87959.11000000","0.00000000"],["87932.53000000","0.00000000"],["87905.95000000","0.00000000"],["87879.37000000","0.00000000"],["87852.79000000","0.00000000"],["87826.21000000","0.00000000"],["87799.63000000","0.00000000"],["87773.05000000","0.00000000"],["87746.47000000","0.00000000"],["87719.89000000","0.00000000"],["87693.32000000","0.00000000"],["87666.74000000","0.00000000"],["79737.30000000","0.00532000"],["79737.00000000","0.00511000"],["70877.60000000","0.00028000"],["33000.00000000","6.20342000"]],"a":[["88597.01000000","3.92722000"],["88597.22000000","0.25300000"],["88598.60000000","0.00000000"],["88599.23000000","0.00012000"],["88599.24000000","0.14012000"],["88599.28000000","0.00012000"],["88599.29000000","0.19281000"],["88599.52000000","0.00000000"],["88599.53000000","0.01578000"],["88599.60000000","0.00000000"],["88599.61000000","0.00000000"],["88599.99000000","0.00006000"],["88600.17000000","0.00000000"],["88600.19000000","0.11763000"],["88600.20000000","0.00250000"],["88600.73000000","0.00000000"],["88601.42000000","0.00000000"],["88606.37000000","0.00000000"],["88611.30000000","0.00000000"],["88623.58000000","0.00000000"],["88650.00000000","0.31290000"],["88650.16000000","0.00006000"],["88660.00000000","0.02442000"],["88676.74000000","0.00000000"],["88703.32000000","0.00000000"],["88729.90000000","0.00000000"],["88756.48000000","0.00000000"],["88783.06000000","0.00000000"],["88809.64000000","0.00000000"],["88836.22000000","0.00000000"],["88862.80000000","0.00000000"],["88889.38000000","0.00000000"],["88915.95000000","0.00000000"],["88942.53000000","0.00000000"],["88969.11000000","0.00000000"],["88995.69000000","0.00000000"],["89022.27000000","0.00000000"],["89048.85000000","0.00000000"],["89075.43000000","0.00000000"],["89102.01000000","0.00000000"],["89128.59000000","0.00000000"],["89155.17000000","0.00000000"],["89181.75000000","0.00000000"],["89208.32000000","0.00000000"],["89234.90000000","0.00000000"],["89261.48000000","0.00000000"],["89288.06000000","0.00000000"],["89314.64000000","0.00000000"],["89341.22000000","0.00000000"],["89367.80000000","0.00000000"],["89394.38000000","0.00000000"],["89420.96000000","0.00000000"]]}
{"e":"depthUpdate","E":1767173373014,"s":"BTCUSDT","U":84207900440,"u":84207900725,"b":[["88597.00000000","4.36033000"],["88596.99000000","0.00061000"],["88594.67000000","0.77725000"],["88593.54000000","0.00256000"],["88593.26000000","0.00000000"],["88593.23000000","0.00000000"],["88593.20000000","0.00000000"],["88593.18000000","0.00000000"],["88592.63000000","0.00000000"],["88592.57000000","0.00000000"],["88592.56000000","0.00061000"],["88592.27000000","0.00000000"],["88592.26000000","0.00000000"],["88592.25000000","0.00000000"],["88592.23000000","0.05651000"],["88590.30000000","0.11337000"],["88589.92000000","0.00120000"],["88589.47000000","0.00055000"],["88589.32000000","0.00055000"],["88588.30000000","0.00000000"],["88588.20000000","0.00000000"],["88588.13000000","0.00000000"],["88587.77000000","0.00000000"],["88587.63000000","0.00000000"],["88587.60000000","0.00347000"],["88587.37000000","0.00000000"],["88587.36000000","0.00000000"],["88587.35000000","0.00000000"],["88536.78000000","0.04360000"],["88536.62000000","0.00000000"],["88524.56000000","0.00900000"],["88301.92000000","0.01768000"],["87002.25000000","0.00000000"],["79737.30000000","0.00518000"],["79737.00000000","0.00511000"],["70878.00000000","0.00000000"],["70877.60000000","0.00028000"],["42000.00000000","16.04102000"]],"a":[["88597.01000000","3.98424000"],["88597.22000000","0.25300000"],["88598.01000000","0.00012000"],["88598.02000000","0.01578000"],["88598.03000000","0.00000000"],["88598.05000000","0.00000000"],["88598.06000000","0.00000000"],["88598.83000000","0.00000000"],["88599.29000000","0.14012000"],["88599.31000000","0.00000000"],["88599.46000000","0.14858000"],["88599.49000000","0.00000000"],["88599.50000000","0.00000000"],["88599.53000000","0.00000000"],["88599.67000000","0.00000000"],["88599.70000000","0.00000000"],["88599.80000000","0.00000000"],["88599.81000000","0.05160000"],["88599.99000000","0.00000000"],["88600.16000000","0.01140000"],["88600.18000000","0.00000000"],["88600.19000000","0.11763000"],["88600.82000000","0.00006000"],["88601.10000000","0.00000000"],["88601.42000000","0.00093000"],["88606.36000000","0.00048000"],["88608.17000000","0.05651000"],["88609.42000000","0.00000000"],["88611.96000000","0.00000000"],["88611.97000000","0.03387000"],["88613.39000000","0.38818000"],["88617.53000000","0.00000000"],["88617.95000000","0.62214000"],["88619.99000000","0.76265000"],["88623.01000000","0.03031000"],["88629.00000000","0.91472000"],["88657.62000000","0.00234000"],["88657.63000000","0.00000000"],["88657.76000000","0.00000000"],["88658.85000000","0.00000000"],["88659.38000000","0.00006000"],["88677.07000000","0.04360000"],["88678.08000000","0.07297000"],["88684.28000000","2.40781000"],["88684.64000000","0.07914000"],["88746.49000000","0.00093000"],["88746.50000000","0.00000000"]]}
{"e":"depthUpdate","E":1767173374014,"s":"BTCUSDT","U":84207900726,"u":84207900932,"b":[["88597.00000000","4.35984000"],["88592.60000000","0.03399000"],["88592.57000000","0.00000000"],["88592.56000000","0.00067000"],["88592.27000000","0.00055000"],["88592.23000000","0.00000000"],["88592.22000000","0.00000000"],["88592.21000000","0.05651000"],["88590.30000000","0.11331000"],["88589.92000000","0.00114000"],["88587.76000000","0.00055000"],["88587.60000000","0.00000000"],["88584.36000000","0.00000000"],["88582.30000000","1.86283000"],["88578.67000000","0.00000000"],["88566.00000000","0.01000000"],["88534.99000000","0.00900000"],["88516.51000000","0.01694000"],["88513.51000000","0.01078000"],["88503.98000000","0.00900000"],["88472.97000000","0.00900000"],["88441.96000000","0.00900000"],["88410.95000000","0.00900000"],["88379.94000000","0.00910000"],["88348.93000000","0.00910000"],["88317.92000000","0.00910000"],["88286.92000000","0.00910000"],["88255.91000000","0.00910000"],["88224.90000000","0.00910000"],["88193.89000000","0.00910000"],["88162.88000000","0.00910000"],["88131.87000000","0.00910000"],["88100.86000000","0.00910000"],["88069.85000000","0.00910000"],["88038.84000000","0.00910000"],["88007.83000000","0.00910000"],["87976.83000000","0.00910000"],["87945.82000000","0.00910000"],["87914.81000000","0.00918000"],["87883.80000000","0.00910000"],["87852.79000000","0.00910000"],["87821.78000000","0.00910000"],["87790.77000000","0.00910000"],["87759.76000000","0.00910000"],["87728.75000000","0.00910000"],["87697.75000000","0.00910000"],["87666.74000000","0.00910000"],["87635.73000000","0.00910000"],["87604.72000000","0.00910000"],["87573.71000000","0.00910000"],["87542.70000000","0.00910000"],["87511.69000000","0.00910000"],["87002.26000000","0.00574000"],["86850.00000000","2.45918000"],["79737.30000000","0.00532000"],["79737.00000000","0.00511000"],["70877.60000000","0.00028000"]],"a":[["88597.01000000","3.97241000"],["88598.02000000","0.15578000"],["88599.45000000","0.00000000"],["88599.46000000","0.00858000"],["88599.80000000","0.00000000"],["88599.81000000","0.00000000"],["88599.99000000","0.00006000"],["88600.19000000","0.11775000"],["88600.42000000","0.00000000"],["88600.88000000","0.00000000"],["88601.07000000","0.00094000"],["88601.39000000","0.00000000"],["88601.42000000","0.00880000"],["88601.44000000","0.05069000"],["88601.65000000","0.11288000"],["88611.97000000","0.00000000"],["88611.99000000","0.03394000"],["88615.55000000","0.00000000"],["88619.86000000","0.00000000"],["88628.01000000","0.00900000"],["88650.00000000","0.17290000"],["88657.62000000","0.00000000"],["88657.64000000","0.00248000"],["88659.02000000","0.00900000"],["88660.28000000","0.54799000"],["88690.03000000","0.00900000"],["88721.04000000","0.00900000"],["88746.49000000","0.00000000"],["88746.51000000","0.00093000"],["88752.05000000","0.00900000"],["88783.06000000","0.00900000"],["88814.07000000","0.00900000"],["88845.08000000","0.00900000"],["88876.09000000","0.00900000"],["88907.09000000","0.00900000"],["88938.10000000","0.00900000"],["88969.11000000","0.00900000"],["89000.12000000","0.00928000"],["89031.13000000","0.00900000"],["89062.14000000","0.00900000"],["89093.15000000","0.00900000"],["89124.16000000","0.00900000"],["89155.17000000","0.00900000"],["89186.18000000","0.00900000"],["89217.18000000","0.00900000"],["89248.19000000","0.00900000"],["89279.20000000","0.00900000"],["89310.21000000","0.00900000"],["89341.22000000","0.00900000"],["89372.23000000","0.00900000"],["89403.24000000","0.00890000"],["89434.25000000","0.00890000"],["89465.26000000","0.00890000"],["89496.26000000","0.00890000"]]}
{"e":"depthUpdate","E":1767173375014,"s":"BTCUSDT","U":84207900933,"u":84207901184,"b":[["88597.00000000","4.35384000"],["88592.60000000","0.03393000"],["88592.57000000","0.00000000"],["88592.56000000","0.00061000"],["88592.27000000","0.00061000"],["88592.21000000","0.00000000"],["88592.20000000","0.05651000"],["88590.30000000","0.11337000"],["88588.25000000","0.00055000"],["88588.13000000","0.00110000"],["88587.36000000","0.00055000"],["88587.35000000","0.00110000"],["88584.10000000","0.00565000"],["88582.33000000","0.00000000"],["88578.63000000","0.05650000"],["88578.31000000","0.00000000"],["88574.79000000","0.00000000"],["88573.83000000","0.04519000"],["88570.49000000","0.00000000"],["88570.43000000","0.00900000"],["88543.85000000","0.00900000"],["88517.27000000","0.00900000"],["88502.73000000","0.00056000"],["88498.95000000","0.30729000"],["88494.93000000","0.27489000"],["88490.69000000","0.00900000"],["88489.06000000","0.17493000"],["88486.01000000","0.00000000"],["88464.11000000","0.01012000"],["88437.53000000","0.02931000"],["88431.29000000","0.02031000"],["88410.95000000","0.01800000"],["88384.37000000","0.00910000"],["88357.79000000","0.00910000"],["88331.21000000","0.00910000"],["88304.63000000","0.00910000"],["88278.06000000","0.00910000"],["88251.48000000","0.00910000"],["88224.90000000","0.01820000"],["88198.32000000","0.00910000"],["88171.74000000","0.00910000"],["88145.16000000","0.00910000"],["88118.58000000","0.00910000"],["88092.00000000","0.00922000"],["88065.42000000","0.00910000"],["88038.84000000","0.01820000"],["88012.26000000","0.00910000"],["87985.69000000","0.00910000"],["87959.11000000","0.00910000"],["87932.53000000","0.00910000"],["87905.95000000","0.00910000"],["87879.37000000","0.00910000"],["87852.79000000","0.01820000"],["87826.21000000","0.00910000"],["87799.63000000","0.00910000"],["87773.05000000","0.00910000"],["87746.47000000","0.00910000"],["87719.89000000","0.00910000"],["87693.32000000","0.00910000"],["87666.74000000","0.01820000"],["81509.25000000","0.00000000"],["79737.30000000","0.00543000"],["79737.00000000","0.00511000"],["70877.60000000","0.00028000"],["42000.00000000","16.04002000"]],"a":[["88597.01000000","3.96941000"],["88600.19000000","0.11775000"],["88600.60000000","0.00000000"],["88600.75000000","0.00000000"],["88600.87000000","0.00000000"],["88601.07000000","0.00000000"],["88601.08000000","0.00000000"],["88601.13000000","0.00000000"],["88601.37000000","0.00000000"],["88601.41000000","0.00000000"],["88601.42000000","0.00972000"],["88601.43000000","0.00000000"],["88601.44000000","0.00000000"],["88611.99000000","0.00007000"],["88612.00000000","0.03567000"],["88612.94000000","0.00565000"],["88613.99000000","0.00000000"],["88621.68000000","0.00000000"],["88621.77000000","0.00565000"],["88623.58000000","0.00900000"],["88650.16000000","0.00906000"],["88660.00000000","0.16442000"],["88676.74000000","0.00900000"],["88691.66000000","0.00006000"],["88703.32000000","0.00900000"],["88729.90000000","0.00900000"],["88756.48000000","0.00900000"],["88783.06000000","0.01800000"],["88809.64000000","0.00900000"],["88836.22000000","0.00900000"],["88862.80000000","0.00900000"],["88889.38000000","0.00900000"],["88915.95000000","0.00900000"],["88942.53000000","0.00900000"],["88969.11000000","0.01800000"],["88995.69000000","0.00900000"],["89022.27000000","0.00900000"],["89048.85000000","0.00900000"],["89075.43000000","0.00900000"],["89102.01000000","0.00900000"],["89128.59000000","0.00900000"],["89155.17000000","0.01800000"],["89181.75000000","0.00900000"],["89208.32000000","0.00900000"],["89234.90000000","0.00900000"],["89261.48000000","0.00900000"],["89288.06000000","0.00900000"],["89314.64000000","0.00900000"],["89341.22000000","0.01800000"],["89367.80000000","0.00900000"],["89394.38000000","0.00890000"],["89420.96000000","0.00890000"]]}
{"e":"depthUpdate","E":1767173376014,"s":"BTCUSDT","U":84207901185,"u":84207901331,"b":[["88597.00000000","4.35134000"],["88592.60000000","0.03393000"],["88592.57000000","0.00446000"],["88592.27000000","0.00061000"],["88592.20000000","0.00000000"],["88592.19000000","0.00000000"],["88591.79000000","0.00000000"],["88591.77000000","0.00000000"],["88591.76000000","0.05651000"],["88590.30000000","0.11337000"],["88588.25000000","0.00110000"],["88587.77000000","0.00055000"],["88587.60000000","0.00057000"],["88587.36000000","0.00110000"],["88584.10000000","0.00000000"],["88583.80000000","0.00565000"],["88579.25000000","0.00346000"],["88578.63000000","0.00000000"],["88545.01000000","0.00600000"],["88544.99000000","0.00000000"],["88297.00000000","0.00000000"],["79737.30000000","0.00532000"],["79737.00000000","0.00511000"],["70877.60000000","0.00028000"],["31894.92000000","0.01349000"]],"a":[["88597.01000000","3.96667000"],["88600.00000000","0.24334000"],["88600.19000000","0.11775000"],["88600.63000000","0.00000000"],["88601.08000000","0.00000000"],["88601.20000000","0.05169000"],["88601.30000000","0.00000000"],["88601.42000000","0.00000000"],["88601.43000000","0.00000000"],["88601.65000000","0.11288000"],["88603.22000000","0.00300000"],["88608.45000000","0.00000000"],["88609.42000000","0.00300000"],["88614.63000000","0.05650000"],["88614.65000000","0.00000000"],["88614.74000000","0.00000000"],["88615.62000000","0.00300000"],["88621.82000000","0.00300000"],["88684.28000000","2.41498000"],["88684.64000000","0.07197000"],["88685.30000000","0.00600000"],["88685.79000000","0.09796000"],["88686.84000000","0.09796000"],["88688.57000000","0.09796000"],["88688.81000000","0.03160000"],["88690.99000000","0.00000000"],["88897.01000000","0.00000000"]]}
{"e":"depthUpdate","E":1767173377014,"s":"BTCUSDT","U":84207901332,"u":84207901442,"b":[["88597.00000000","4.34441000"],["88592.60000000","0.03393000"],["88592.57000000","0.00000000"],["88592.27000000","0.00061000"],["88591.76000000","0.00000000"],["88591.75000000","0.00000000"],["88591.73000000","0.00000000"],["88591.72000000","0.00000000"],["88591.69000000","0.00000000"],["88591.67000000","0.00000000"],["88591.66000000","0.00000000"],["88591.65000000","0.05651000"],["88590.30000000","0.11337000"],["88587.15000000","0.00000000"],["88585.85000000","0.03846000"],["88584.65000000","0.00564000"],["88583.80000000","0.00000000"],["88579.25000000","0.00000000"],["88506.62000000","1.25081000"],["88504.23000000","0.37285000"],["88503.23000000","0.19792000"],["88500.37000000","0.29788000"],["88498.95000000","0.40525000"],["88494.93000000","0.17293000"],["88492.62000000","0.29488000"],["88490.84000000","0.00000000"],["88489.06000000","0.07297000"],["88486.84000000","0.14594000"],["79737.30000000","0.00518000"],["79737.00000000","0.00511000"],["70878.00000000","0.00000000"],["70877.60000000","0.00028000"],["33000.00000000","6.20342000"]],"a":[["88597.01000000","3.95470000"],["88601.42000000","0.00880000"],["88612.94000000","0.00000000"],["88613.38000000","0.00564000"],["88614.63000000","0.00000000"],["88621.77000000","0.00000000"],["88621.99000000","0.00565000"],["88688.65000000","0.00000000"],["88688.81000000","0.00000000"]]}
{"e":"depthUpdate","E":1767173378014,"s":"BTCUSDT","U":84207901443,"u":84207901534,"b":[["88597.00000000","4.34444000"],["88593.09000000","0.01145000"],["88592.60000000","0.00006000"],["88592.27000000","0.00061000"],["88591.65000000","0.00000000"],["88591.63000000","0.00000000"],["88591.62000000","0.00000000"],["88591.60000000","0.00000000"],["88591.59000000","0.00000000"],["88591.58000000","0.05651000"],["88591.32000000","0.00256000"],["88590.95000000","0.03387000"],["88590.30000000","0.11331000"],["88587.78000000","0.00055000"],["88493.88000000","0.00203000"],["88478.53000000","0.00000000"],["88404.95000000","0.00000000"],["88050.00000000","0.79970000"],["79737.30000000","0.00532000"],["79737.00000000","0.00511000"],["70878.00000000","0.00000000"],["70877.60000000","0.00028000"]],"a":[["88597.01000000","3.94926000"],["88600.92000000","0.00006000"],["88601.42000000","0.00888000"],["88612.00000000","0.00180000"],["88614.21000000","0.03387000"],["88652.97000000","0.04620000"],["88662.70000000","0.00000000"],["88698.36000000","0.07679000"],["88698.87000000","0.00000000"],["88707.01000000","0.00000000"],["88711.05000000","0.02144000"],["88791.83000000","0.00000000"]]}
{"e":"depthUpdate","E":1767173379014,"s":"BTCUSDT","U":84207901535,"u":84207901645,"b":[["88597.00000000","4.34143000"],["88593.09000000","0.01145000"],["88592.57000000","0.00000000"],["88591.32000000","0.00256000"],["88590.95000000","0.00000000"],["88590.94000000","0.03387000"],["88587.76000000","0.05705000"],["88587.63000000","0.00218000"],["88567.15000000","0.07297000"],["88536.00000000","0.08580000"],["88531.58000000","0.08471000"],["88531.57000000","0.00000000"],["88528.52000000","0.00012000"],["88406.29000000","5.05486000"],["88308.07000000","0.00000000"],["88305.70000000","0.00000000"],["88304.24000000","0.00000000"],["88300.39000000","0.00000000"],["88296.38000000","0.00000000"],["88291.29000000","0.00000000"],["88283.47000000","0.00000000"],["79737.30000000","0.00518000"],["79737.00000000","0.00511000"],["70877.60000000","0.00028000"],["60000.00000000","227.86147000"]],"a":[["88597.01000000","3.92642000"],["88597.22000000","0.25300000"],["88597.64000000","0.00012000"],["88597.65000000","0.01578000"],["88598.02000000","0.14012000"],["88599.99000000","0.00000000"],["88600.19000000","0.11763000"],["88601.42000000","0.00893000"],["88601.65000000","0.11288000"],["88660.28000000","0.54289000"],["88660.96000000","0.00000000"],["88662.28000000","0.00670000"],["88685.30000000","0.00000000"],["88685.31000000","0.00600000"],["88686.32000000","0.00000000"],["88688.63000000","0.07297000"],["88690.19000000","0.00077000"],["88692.01000000","0.07297000"],["88793.03000000","4.87509000"],["89127.15000000","0.00000000"],["89130.07000000","0.21982000"]]}
{"e":"depthUpdate","E":1767173380014,"s":"BTCUSDT","U":84207901646,"u":84207901791,"b":[["88597.00000000","4.15123000"],["88593.09000000","0.01145000"],["88592.57000000","0.00000000"],["88591.00000000","0.00000000"],["88590.94000000","0.03393000"],["88590.80000000","0.00051000"],["88587.76000000","0.00055000"],["88586.37000000","0.00190000"],["88524.56000000","0.00900000"],["88496.91000000","0.08896000"],["88485.17000000","0.00000000"],["81509.25000000","0.00013000"],["79737.30000000","0.00532000"],["79737.00000000","0.00511000"],["70878.00000000","0.00000000"],["70877.60000000","0.00028000"]],"a":[["88597.01000000","3.88964000"],["88597.19000000","0.00012000"],["88597.20000000","0.00628000"],["88599.28000000","0.00000000"],["88600.16000000","0.01128000"],["88601.42000000","0.00902000"],["88601.65000000","0.11288000"],["88603.21000000","0.00045000"],["88607.64000000","0.00181000"],["88614.26000000","0.00000000"]]}
{"e":"depthUpdate","E":1767173381014,"s":"BTCUSDT","U":84207901792,"u":84207901967,"b":[["88597.00000000","4.14196000"],["88592.27000000","0.00061000"],["88591.58000000","0.00000000"],["88591.57000000","0.00000000"],["88591.56000000","0.05651000"],["88591.32000000","0.00256000"],["88590.94000000","0.00006000"],["88590.93000000","0.00000000"],["88590.92000000","0.03387000"],["88587.27000000","0.05650000"],["88584.65000000","0.00000000"],["88583.80000000","0.00564000"],["88570.48000000","0.80380000"],["88536.89000000","0.04200000"],["88536.78000000","0.00000000"],["88536.77000000","0.04360000"],["88529.29000000","0.00000000"],["88501.04000000","0.00000000"],["88465.77000000","0.00000000"],["88354.18000000","0.27000000"],["88323.51000000","0.03198000"],["88321.79000000","0.03198000"],["88320.49000000","0.03198000"],["88316.56000000","0.03198000"],["88312.62000000","0.03198000"],["88307.55000000","0.03198000"],["88300.14000000","0.03198000"],["87097.00000000","0.00000000"],["81509.25000000","0.00000000"],["79737.30000000","0.00518000"],["79737.00000000","0.00511000"],["70878.00000000","0.00000000"],["70877.60000000","0.00028000"],["33000.00000000","6.20342000"]],"a":[["88597.01000000","4.36971000"],["88597.19000000","0.00000000"],["88597.20000000","0.00006000"],["88597.65000000","0.15578000"],["88598.40000000","0.00000000"],["88599.24000000","0.14012000"],["88599.28000000","0.00000000"],["88599.29000000","0.00000000"],["88599.32000000","0.00000000"],["88599.66000000","0.00000000"],["88599.67000000","0.00000000"],["88599.82000000","0.00000000"],["88599.99000000","0.00006000"],["88600.16000000","0.01140000"],["88600.19000000","0.11775000"],["88600.25000000","0.00000000"],["88600.75000000","0.00000000"],["88601.01000000","0.00000000"],["88601.20000000","0.00000000"],["88601.65000000","0.11385000"],["88601.77000000","0.00000000"],["88601.94000000","0.05222000"],["88606.36000000","0.00000000"],["88614.37000000","0.54289000"],["88619.15000000","0.07146000"],["88620.99000000","0.00000000"],["88621.68000000","0.00565000"],["88621.99000000","0.00000000"],["88623.79000000","0.00000000"],["88677.06000000","1.65993000"],["88677.07000000","0.00000000"],["89127.15000000","0.21982000"],["89130.07000000","0.00000000"]]}
{"e":"depthUpdate","E":1767173382015,"s":"BTCUSDT","U":84207901968,"u":84207902208,"b":[["88597.00000000","4.03717000"],["88596.99000000","0.00334000"],["88596.69000000","0.05106000"],["88595.76000000","0.00012000"],["88595.63000000","0.00000000"],["88594.62000000","0.00000000"],["88593.54000000","0.00006000"],["88593.09000000","0.01151000"],["88592.84000000","0.00079000"],["88592.56000000","0.00055000"],["88592.27000000","0.00000000"],["88591.56000000","0.00000000"],["88591.55000000","0.00000000"],["88590.79000000","0.00306000"],["88590.54000000","0.00000000"],["88590.30000000","0.11337000"],["88589.92000000","0.00120000"],["88589.84000000","0.00062000"],["88588.43000000","0.00000000"],["88587.99000000","0.05651000"],["88587.77000000","0.00000000"],["88587.76000000","0.00000000"],["88587.27000000","0.00000000"],["88584.66000000","0.00250000"],["88583.80000000","0.00000000"],["88582.44000000","0.00250000"],["88582.33000000","0.00565000"],["88576.01000000","0.00000000"],["88576.00000000","0.00113000"],["88564.89000000","0.04272000"],["88547.19000000","0.00000000"],["88540.42000000","0.08050000"],["88536.94000000","0.02818000"],["88532.77000000","0.00000000"],["88522.25000000","0.00147000"],["79737.30000000","0.00532000"],["79737.00000000","0.00511000"],["70877.60000000","0.00028000"]],"a":[["88597.01000000","4.47716000"],["88597.22000000","0.25300000"],["88597.44000000","0.00000000"],["88597.45000000","0.00000000"],["88597.65000000","0.15578000"],["88597.76000000","0.00000000"],["88597.77000000","0.00000000"],["88597.98000000","0.00250000"],["88597.99000000","0.00000000"],["88598.02000000","0.14012000"],["88598.05000000","0.00012000"],["88598.06000000","0.00012000"],["88598.46000000","0.00000000"],["88599.19000000","0.00000000"],["88599.46000000","0.00858000"],["88599.68000000","0.37305000"],["88599.97000000","0.00012000"],["88599.99000000","0.00000000"],["88600.01000000","0.00542000"],["88600.16000000","0.01128000"],["88600.18000000","0.09941000"],["88600.19000000","0.11763000"],["88600.65000000","0.00000000"],["88601.13000000","0.00000000"],["88601.41000000","0.00000000"],["88601.42000000","0.01000000"],["88601.65000000","0.11288000"],["88601.85000000","0.00000000"],["88601.94000000","0.00000000"],["88603.92000000","0.00000000"],["88603.93000000","0.00000000"],["88604.01000000","0.05651000"],["88606.38000000","0.00000000"],["88606.91000000","0.00000000"],["88608.17000000","0.00000000"],["88609.08000000","0.00000000"],["88611.51000000","0.00000000"],["88612.94000000","0.00565000"],["88613.38000000","0.00000000"],["88613.39000000","0.70459000"],["88614.69000000","0.00000000"],["88615.34000000","0.76269000"],["88618.00000000","0.18359000"],["88618.01000000","0.00000000"],["88619.92000000","0.00000000"],["88619.99000000","0.00000000"],["88621.16000000","0.00565000"],["88621.68000000","0.00000000"],["88646.47000000","0.00000000"],["88682.41000000","0.00147000"],["88690.77000000","0.04200000"],["88705.75000000","0.00202000"],["88709.76000000","0.00000000"]]}
{"e":"depthUpdate","E":1767173383014,"s":"BTCUSDT","U":84207902209,"u":84207902397,"b":[["88597.00000000","4.11327000"],["88596.99000000","0.00061000"],["88592.60000000","0.00000000"],["88592.56000000","0.00000000"],["88589.83000000","0.00519000"],["88589.74000000","0.00116000"],["88588.25000000","0.00000000"],["88588.19000000","0.05650000"],["88588.13000000","0.00000000"],["88587.78000000","0.00000000"],["88587.63000000","0.00000000"],["88587.60000000","0.00000000"],["88587.36000000","0.00000000"],["88587.35000000","0.00000000"],["88535.22000000","0.00000000"],["88361.54000000","0.01768000"],["88301.92000000","0.00000000"],["79737.30000000","0.00518000"],["79737.00000000","0.00511000"],["70878.00000000","0.00000000"],["70877.60000000","0.00028000"],["42000.00000000","16.04102000"]],"a":[["88597.01000000","4.60243000"],["88597.65000000","0.15578000"],["88597.79000000","0.00012000"],["88597.80000000","0.19209000"],["88597.97000000","0.00012000"],["88597.98000000","0.14262000"],["88598.01000000","0.00000000"],["88598.02000000","0.00000000"],["88598.05000000","0.00000000"],["88598.06000000","0.00000000"],["88598.38000000","0.00000000"],["88598.39000000","0.00000000"],["88599.23000000","0.00000000"],["88599.24000000","0.00000000"],["88599.67000000","0.00006000"],["88599.68000000","0.37305000"],["88599.97000000","0.00000000"],["88600.01000000","0.00554000"],["88600.06000000","0.01166000"],["88600.16000000","0.01128000"],["88600.82000000","0.00115000"],["88601.42000000","0.00891000"],["88604.01000000","0.00000000"],["88604.02000000","0.00000000"],["88604.03000000","0.00000000"],["88604.04000000","0.00000000"],["88604.05000000","0.00000000"],["88604.06000000","0.05651000"],["88650.00000000","0.31290000"],["88660.00000000","0.02442000"],["88800.87000000","0.00000000"],["89127.15000000","0.00000000"],["89130.07000000","0.21982000"]]}
{"e":"depthUpdate","E":1767173384014,"s":"BTCUSDT","U":84207902398,"u":84207902564,"b":[["88597.00000000","3.36209000"],["88594.67000000","0.77719000"],["88594.66000000","0.00000000"],["88594.40000000","0.10018000"],["88594.17000000","0.02000000"],["88593.78000000","0.00000000"],["88591.32000000","0.00250000"],["88590.92000000","0.00000000"],["88590.91000000","0.03387000"],["88590.78000000","0.00007000"],["88587.99000000","0.00000000"],["88587.32000000","0.05651000"],["88579.36000000","0.00000000"],["88573.82000000","0.00000000"],["88569.85000000","0.06463000"],["88568.80000000","0.83577000"],["88565.26000000","0.40700000"],["88521.00000000","0.01768000"],["88361.54000000","0.00000000"],["86000.00000000","67.17124000"],["79737.30000000","0.00532000"],["79737.00000000","0.00511000"],["70877.60000000","0.00028000"]],"a":[["88597.01000000","5.55449000"],["88597.22000000","0.25300000"],["88597.63000000","0.00012000"],["88597.64000000","0.33333000"],["88597.69000000","0.00000000"],["88597.80000000","0.14012000"],["88597.83000000","0.00006000"],["88597.84000000","0.37306000"],["88597.97000000","0.00006000"],["88597.98000000","0.14262000"],["88598.48000000","0.00000000"],["88598.49000000","0.05191000"],["88599.46000000","0.00858000"],["88599.67000000","0.00000000"],["88599.68000000","0.00000000"],["88600.01000000","0.00542000"],["88600.06000000","0.00000000"],["88600.16000000","0.01128000"],["88600.21000000","0.01138000"],["88603.25000000","0.00000000"],["88603.26000000","0.05651000"],["88604.06000000","0.00000000"],["88604.07000000","0.00000000"],["88606.32000000","0.00000000"],["88606.34000000","0.00000000"],["88606.37000000","0.00000000"],["88606.41000000","0.00055000"],["88613.71000000","0.05650000"],["88620.16000000","0.40674000"],["88623.01000000","0.00206000"],["88630.86000000","0.05403000"],["88635.30000000","0.00000000"],["88645.24000000","0.00000000"],["89127.15000000","0.21982000"],["89130.07000000","0.00000000"],["89372.84000000","0.00192000"],["89438.89000000","0.01713000"]]}
{"e":"depthUpdate","E":1767173385014,"s":"BTCUSDT","U":84207902565,"u":84207902646,"b":[["88597.00000000","3.36319000"],["88591.80000000","0.00000000"],["88591.32000000","0.00000000"],["88590.79000000","0.00300000"],["88590.78000000","0.00000000"],["88590.41000000","0.00000000"],["88588.19000000","0.00000000"],["88587.91000000","0.05650000"],["88587.50000000","0.00000000"],["88578.00000000","0.00250000"],["88498.04000000","0.17693000"],["88494.40000000","0.08896000"],["88484.64000000","0.10284000"],["88484.57000000","0.00000000"],["88484.05000000","0.00000000"],["88482.96000000","0.00000000"],["87742.76000000","0.00196000"],["79737.30000000","0.00518000"],["79737.00000000","0.00511000"],["70877.60000000","0.00028000"],["42000.00000000","16.04002000"],["31894.92000000","0.01368000"]],"a":[["88597.01000000","5.52445000"],["88597.64000000","0.47333000"],["88597.84000000","0.37306000"],["88597.97000000","0.00000000"],["88597.98000000","0.00250000"],["88600.01000000","0.00554000"],["88613.53000000","0.04272000"],["88613.71000000","0.00000000"],["88670.13000000","0.00300000"],["89372.84000000","0.00000000"]]}
{"e":"depthUpdate","E":1767173386014,"s":"BTCUSDT","U":84207902647,"u":84207902794,"b":[["88597.00000000","3.32552000"],["88596.99000000","0.00067000"],["88594.20000000","0.10006000"],["88592.84000000","0.00079000"],["88592.00000000","0.00007000"],["88590.91000000","0.00000000"],["88590.90000000","0.03387000"],["88589.47000000","0.00061000"],["88589.32000000","0.00061000"],["88589.10000000","0.00256000"],["88580.22000000","0.00250000"],["88578.00000000","0.00000000"],["88561.99000000","0.00000000"],["88559.04000000","0.08714000"],["88548.01000000","0.00000000"],["88545.01000000","0.02744000"],["88542.56000000","0.00041000"],["88535.34000000","0.02144000"],["88533.34000000","0.00000000"],["88524.90000000","0.02998000"],["88524.56000000","0.01300000"],["88524.34000000","0.58577000"],["88514.54000000","0.00000000"],["88513.06000000","0.29129000"],["88488.01000000","0.10296000"],["88470.87000000","0.02144000"],["88459.93000000","0.00000000"],["88457.35000000","0.02144000"],["88447.45000000","0.02144000"],["88447.00000000","0.00000000"],["88437.46000000","0.00000000"],["88301.92000000","0.01768000"],["87742.76000000","0.00000000"],["81509.25000000","0.00013000"],["79737.30000000","0.00532000"],["79737.00000000","0.00511000"],["70878.00000000","0.00000000"],["70877.60000000","0.00028000"],["38982.69000000","0.00048000"],["31894.92000000","0.01387000"]],"a":[["88597.01000000","5.49627000"],["88597.65000000","0.15578000"],["88597.74000000","0.00012000"],["88597.75000000","0.05132000"],["88597.80000000","0.14012000"],["88597.83000000","0.00000000"],["88597.84000000","0.00000000"],["88598.49000000","0.00000000"],["88599.46000000","0.00858000"],["88599.89000000","0.37305000"],["88603.65000000","0.00055000"],["88606.37000000","0.00047000"],["88606.41000000","0.00007000"],["88606.54000000","0.00055000"],["88613.41000000","0.05650000"],["88620.16000000","0.00000000"],["88634.19000000","0.40668000"],["88650.60000000","0.00610000"]]}
{"e":"depthUpdate","E":1767173387014,"s":"BTCUSDT","U":84207902795,"u":84207903047,"b":[["88597.00000000","3.01553000"],["88596.99000000","0.00079000"],["88596.69000000","0.05100000"],["88595.57000000","0.00000000"],["88595.05000000","0.30829000"],["88595.04000000","0.00000000"],["88594.68000000","0.00000000"],["88594.67000000","0.00012000"],["88594.64000000","0.00012000"],["88594.58000000","0.01253000"],["88593.09000000","0.01151000"],["88592.84000000","0.00000000"],["88592.00000000","0.00000000"],["88590.90000000","0.00000000"],["88590.31000000","0.00000000"],["88590.29000000","0.03387000"],["88590.00000000","0.17500000"],["88589.95000000","0.00000000"],["88589.83000000","0.00513000"],["88589.74000000","0.00000000"],["88589.47000000","0.00000000"],["88589.32000000","0.00116000"],["88589.00000000","0.01148000"],["88588.00000000","0.00006000"],["88587.91000000","0.00006000"],["88587.66000000","1.86283000"],["88587.65000000","0.00000000"],["88587.32000000","0.00000000"],["88587.20000000","0.05650000"],["88586.96000000","0.00000000"],["88586.67000000","0.00000000"],["88586.20000000","0.00000000"],["88585.86000000","0.04200000"],["88585.74000000","0.00000000"],["88584.87000000","0.00000000"],["88582.33000000","0.54289000"],["88582.29000000","0.00000000"],["88582.10000000","0.05651000"],["88581.07000000","0.00000000"],["88578.40000000","0.00565000"],["88578.02000000","0.54289000"],["88578.01000000","0.00008000"],["88577.78000000","0.97524000"],["88577.72000000","0.18061000"],["88576.97000000","0.18061000"],["88574.90000000","0.40695000"],["88574.78000000","0.00000000"],["88574.69000000","0.00000000"],["88573.83000000","0.00000000"],["88570.49000000","0.04520000"],["88569.85000000","0.00000000"],["88568.80000000","0.76641000"],["88568.25000000","0.00006000"],["88567.23000000","0.00000000"],["88567.15000000","0.00000000"],["88566.01000000","0.00000000"],["88565.25000000","0.00000000"],["88559.91000000","0.40702000"],["88540.00000000","0.02438000"],["88536.94000000","0.00000000"],["88536.82000000","0.04360000"],["88536.77000000","0.00000000"],["88536.76000000","0.00000000"],["88533.29000000","0.00000000"],["88525.14000000","0.02818000"],["88524.56000000","0.00900000"],["88524.36000000","0.24615000"],["88521.51000000","0.02754000"],["88513.06000000","0.04514000"],["88491.27000000","0.00282000"],["88491.26000000","0.00000000"],["88488.95000000","0.07297000"],["88487.74000000","0.07297000"],["88484.11000000","0.07297000"],["88402.79000000","0.00113000"],["88402.78000000","0.00000000"],["86770.91000000","0.00000000"],["81509.25000000","0.00000000"],["80000.00000000","285.03633000"],["79737.30000000","0.00518000"],["79737.00000000","0.00511000"],["70877.60000000","0.00028000"],["33000.00000000","6.20342000"]],"a":[["88597.01000000","5.49489000"],["88597.22000000","0.25300000"],["88597.62000000","0.00012000"],["88597.63000000","0.33316000"],["88597.64000000","0.14024000"],["88597.74000000","0.00000000"],["88598.03000000","0.05651000"],["88599.46000000","0.00858000"],["88599.61000000","0.37293000"],["88599.89000000","0.00000000"],["88599.99000000","0.00000000"],["88600.16000000","0.01128000"],["88603.26000000","0.00000000"],["88605.13000000","0.53461000"],["88605.93000000","0.00000000"],["88605.94000000","0.18061000"],["88606.31000000","0.00000000"],["88606.37000000","0.00000000"],["88606.97000000","0.40000000"],["88608.11000000","0.18061000"],["88608.67000000","0.76275000"],["88609.50000000","0.44254000"],["88609.99000000","0.00000000"],["88610.00000000","0.00193000"],["88610.73000000","0.54289000"],["88611.11000000","0.00035000"],["88611.51000000","0.00565000"],["88612.94000000","0.00000000"],["88613.39000000","0.38818000"],["88613.75000000","0.00000000"],["88614.91000000","0.00000000"],["88615.34000000","0.00000000"],["88616.38000000","0.05403000"],["88617.12000000","0.00000000"],["88617.95000000","0.62214000"],["88619.15000000","0.00112000"],["88619.92000000","0.00565000"],["88619.94000000","0.00000000"],["88620.95000000","0.05318000"],["88621.16000000","0.00000000"],["88623.00000000","0.00000000"],["88630.41000000","0.00000000"],["88630.86000000","0.00000000"],["88634.19000000","0.00000000"],["88634.43000000","0.40668000"],["88635.16000000","0.08461000"],["88635.18000000","0.00000000"],["88636.00000000","0.00180000"],["88636.99000000","0.00000000"],["88652.87000000","0.00000000"],["88670.13000000","0.00000000"],["88676.99000000","0.04360000"],["88677.05000000","0.54289000"],["88677.06000000","1.61633000"],["88771.68000000","0.02370000"],["89438.89000000","0.00000000"]]}
